@online{cs50,
	author = {Harvard University},
	title = {CS50: Introduction to Computer Science},
	url = {https://pll.harvard.edu/course/cs50-introduction-computer-science},
	urldate = {2022-01-28}
}

@online{cs50-edx,
	author = {Harvard University},
	title = {CS50's Introduction to Computer Science},
	url = {https://www.edx.org/course/introduction-computer-science-harvardx-cs50x},
	urldate = {2022-01-28}
}

@online{cs50-docs,
	author = {Harvard University},
	title = {Home - CS50 Docs},
	url = {https://cs50.readthedocs.io},
	urldate = {2022-01-28}
}

@online{cs50-github,
	author = {Harvard University},
	title = {CS50 GitHub},
	url = {https://github.com/cs50},
	urldate = {2022-01-28}
}

@online{submit50,
	author = {Harvard University},
	title = {submit50 - CS50 Docs},
	url = {https://cs50.readthedocs.io/submit50},
	urldate = {2022-01-28}
}

@online{cs50-ide,
	author = {Harvard University},
	title = {Online - CS50 Docs},
	url = {https://cs50.readthedocs.io/ide/online/},
	urldate = {2022-01-28}
}

@online{codefreak-startseite,
	author = {Kiel University of Applied Sciences},
	title = {Code FREAK | Code Feedback, Review \& Evaluation Kit},
	url = {https://codefreak.org/#about},
	urldate = {2022-01-28},
	year = {2019-2020},
}

@online{codefreak-memory-problem,
	author = {Kiel University of Applied Sciences},
	title = {Installation Guide :: Code FREAK Docs},
	url = {https://docs.codefreak.org/codefreak/for-admins/installation.html#_dedicated_docker_host},
	urldate = {2022-01-28}
}

@online{codefreak-docs,
	author = {Kiel University of Applied Sciences},
	title = {Code FREAK Documentation :: Code FREAK Docs},
	url = {https://docs.codefreak.org/codefreak/index.html},
	urldate = {2022-01-28}
}

@online{moodle,
	author = {moodle.de},
	title = {Lernerfolg mit Moodle},
	url = {https://moodle.de},
	urldate = {2022-01-28},
}

@online{linux-container,
	author = {Red Hat},
	title = {Was ist ein Linux-Container?},
	url = {https://www.redhat.com/de/topics/containers/whats-a-linux-container},
	urldate = {2018-01-31},
}

@online{github-classroom-startseite,
	author = {GitHub Inc.},
	title = {GitHub Classroom},
	url = {https://classroom.github.com},
	urldate = {2022-01-28}
}

@online{github-classroom-kostenlos,
	author = {Arelia Jones},
	title = {Set up your digital classroom with GitHub Classroom},
	url = {https://classroom.github.com},
	urldate = {2022-01-28},
	year = {2020},
	month = {03},
	day = {18}
}

@online{ldap,
	author = {LDAP},
	title = {LDAP.com - Lightweight Directory Access Protocol},
	url = {https://ldap.com},
	urldate = {2022-01-28}
}

@book{docker,
  author         = {Adrian Mouat},
  publisher      = {O'Reilly Media, Inc.},
  title          = {Using Docker: Developing and Deploying Software with Containers},
  year           = {2015}
}